02RETORNO01COBRANÇA       31250000674737134520ASSOCIACAO REGIONAL DE PASSARI756 - BANCOOB S/A 3105160000002                                                                                                                                                                                                                                                                                               000001
1020933165000019431250000134520000000                         00000000356601000000DM 00000000000000000000 01062705160002016894                    030616000000000040034180760013005160000200000000000000000000000000000000000000000000000000000000000000000000000000000400000000000000000000000000000000000000000000000000000010000000000000          0009292954067200000000000000000000000000000000000000000002
9027563125SICOOB AGROCREDI         RUA MANOEL JOAQUIM MAGALHÃES GOMES                VILA SANTA BÁRBARA            37800000Guaxupé                       MG310520160000000100000000366                                                                                                                                                                                                                    000003
