02RETORNO01COBRANÇA       31250000674737134520ASSOCIACAO REGIONAL DE PASSARI756 - BANCOOB S/A 0612190000171                                                                                                                                                                                                                                                                                               000001
1020933165000019431250000134520000000                         00000002700001000000DM 00000000000000000000 01060212190000011742                    141119000000000500034100490010312190000150000000000000000000000000000000000000000000000000000000000000000000000000005000000000000000000000000000000000000000000000000000000010000000000000          0007690282083000000000000000000000000000000000000000000002
1020933165000019431250000134520000000                         00000002764001000000DM 00000000000000000000 01060212190000013427                    291119000000000500000129230010312190000150000000000000000000000000000000000000000000000000000000000000000000000000005000000000000000000000000000000000000000000000000000000010000000000000          0000742899381400000000000000000000000000000000000000000003
9027563125SICOOB AGROCREDI         R MANOEL JOAQUIM MAGALHÃES GOMES                  VILA SANTA BÁRBARA            37800000Guaxupé                       MG061220190000000200000002775                                                                                                                                                                                                                    000004
